%YAML 1.1
%TAG !u! tag:unity3d.com,2011:
--- !u!1 &2697777046471977638
GameObject:
  m_ObjectHideFlags: 0
  m_CorrespondingSourceObject: {fileID: 0}
  m_PrefabInstance: {fileID: 0}
  m_PrefabAsset: {fileID: 0}
  serializedVersion: 6
  m_Component:
  - component: {fileID: 3331464443499016220}
  m_Layer: 0
  m_Name: orbit Atom
  m_TagString: Untagged
  m_Icon: {fileID: 0}
  m_NavMeshLayer: 0
  m_StaticEditorFlags: 0
  m_IsActive: 1
--- !u!4 &3331464443499016220
Transform:
  m_ObjectHideFlags: 0
  m_CorrespondingSourceObject: {fileID: 0}
  m_PrefabInstance: {fileID: 0}
  m_PrefabAsset: {fileID: 0}
  m_GameObject: {fileID: 2697777046471977638}
  m_LocalRotation: {x: -0, y: -0, z: -0, w: 1}
  m_LocalPosition: {x: 0.002868414, y: 0.0042850673, z: -0.007337451}
  m_LocalScale: {x: 0.45, y: 0.45, z: 0.45}
  m_ConstrainProportionsScale: 1
  m_Children:
  - {fileID: 1875832865969542986}
  m_Father: {fileID: 0}
  m_RootOrder: 0
  m_LocalEulerAnglesHint: {x: 0, y: 0, z: 0}
--- !u!1 &2717446144615919473
GameObject:
  m_ObjectHideFlags: 0
  m_CorrespondingSourceObject: {fileID: 0}
  m_PrefabInstance: {fileID: 0}
  m_PrefabAsset: {fileID: 0}
  serializedVersion: 6
  m_Component:
  - component: {fileID: 1875832865969542986}
  m_Layer: 0
  m_Name: CI
  m_TagString: Untagged
  m_Icon: {fileID: 0}
  m_NavMeshLayer: 0
  m_StaticEditorFlags: 0
  m_IsActive: 1
--- !u!4 &1875832865969542986
Transform:
  m_ObjectHideFlags: 0
  m_CorrespondingSourceObject: {fileID: 0}
  m_PrefabInstance: {fileID: 0}
  m_PrefabAsset: {fileID: 0}
  m_GameObject: {fileID: 2717446144615919473}
  m_LocalRotation: {x: 0, y: -0, z: -0, w: 1}
  m_LocalPosition: {x: -0.006534238, y: -0.009442104, z: 0.016727006}
  m_LocalScale: {x: 1, y: 1, z: 1}
  m_ConstrainProportionsScale: 0
  m_Children:
  - {fileID: 7893045795877334377}
  - {fileID: 7893045796161286114}
  m_Father: {fileID: 3331464443499016220}
  m_RootOrder: 0
  m_LocalEulerAnglesHint: {x: 0, y: 0, z: 0}
--- !u!1 &7893045795758427213
GameObject:
  m_ObjectHideFlags: 0
  m_CorrespondingSourceObject: {fileID: 0}
  m_PrefabInstance: {fileID: 0}
  m_PrefabAsset: {fileID: 0}
  serializedVersion: 6
  m_Component:
  - component: {fileID: 7893045795758427212}
  - component: {fileID: 7893045795758427211}
  m_Layer: 0
  m_Name: SnapZoneOne
  m_TagString: Untagged
  m_Icon: {fileID: 0}
  m_NavMeshLayer: 0
  m_StaticEditorFlags: 0
  m_IsActive: 1
--- !u!4 &7893045795758427212
Transform:
  m_ObjectHideFlags: 0
  m_CorrespondingSourceObject: {fileID: 0}
  m_PrefabInstance: {fileID: 0}
  m_PrefabAsset: {fileID: 0}
  m_GameObject: {fileID: 7893045795758427213}
  m_LocalRotation: {x: -0, y: -0, z: -0, w: 1}
  m_LocalPosition: {x: -0.07080001, y: 0, z: -0.5418}
  m_LocalScale: {x: 0.39999998, y: 0.39999998, z: 0.39999998}
  m_ConstrainProportionsScale: 0
  m_Children: []
  m_Father: {fileID: 7893045796576968198}
  m_RootOrder: 0
  m_LocalEulerAnglesHint: {x: 0, y: 0, z: 0}
--- !u!114 &7893045795758427211
MonoBehaviour:
  m_ObjectHideFlags: 0
  m_CorrespondingSourceObject: {fileID: 0}
  m_PrefabInstance: {fileID: 0}
  m_PrefabAsset: {fileID: 0}
  m_GameObject: {fileID: 7893045795758427213}
  m_Enabled: 1
  m_EditorHideFlags: 0
  m_Script: {fileID: 11500000, guid: 804203cdc71657347bc071dfeba41047, type: 3}
  m_Name: 
  m_EditorClassIdentifier: 
  LocalPositionOffset: {x: -0.118, y: 0, z: -0.903}
  LocalRotationOffset: {x: 0, y: 0, z: 0}
--- !u!1 &7893045795826973540
GameObject:
  m_ObjectHideFlags: 0
  m_CorrespondingSourceObject: {fileID: 0}
  m_PrefabInstance: {fileID: 0}
  m_PrefabAsset: {fileID: 0}
  serializedVersion: 6
  m_Component:
  - component: {fileID: 7893045795826973539}
  - component: {fileID: 7893045795826973471}
  - component: {fileID: 7893045795826973536}
  - component: {fileID: 7893045795826973537}
  - component: {fileID: 7893045795826973538}
  m_Layer: 0
  m_Name: Electron (1)
  m_TagString: Untagged
  m_Icon: {fileID: 0}
  m_NavMeshLayer: 0
  m_StaticEditorFlags: 0
  m_IsActive: 1
--- !u!4 &7893045795826973539
Transform:
  m_ObjectHideFlags: 0
  m_CorrespondingSourceObject: {fileID: 0}
  m_PrefabInstance: {fileID: 0}
  m_PrefabAsset: {fileID: 0}
  m_GameObject: {fileID: 7893045795826973540}
  m_LocalRotation: {x: -0, y: -0, z: -0, w: 1}
  m_LocalPosition: {x: -0.86299986, y: -0.13699995, z: -0.97800004}
  m_LocalScale: {x: 1, y: 1, z: 1}
  m_ConstrainProportionsScale: 0
  m_Children:
  - {fileID: 7893045796660082572}
  m_Father: {fileID: 7893045796161286114}
  m_RootOrder: 1
  m_LocalEulerAnglesHint: {x: 0, y: 0, z: 0}
--- !u!114 &7893045795826973471
MonoBehaviour:
  m_ObjectHideFlags: 0
  m_CorrespondingSourceObject: {fileID: 0}
  m_PrefabInstance: {fileID: 0}
  m_PrefabAsset: {fileID: 0}
  m_GameObject: {fileID: 7893045795826973540}
  m_Enabled: 1
  m_EditorHideFlags: 0
  m_Script: {fileID: 11500000, guid: 804203cdc71657347bc071dfeba41047, type: 3}
  m_Name: 
  m_EditorClassIdentifier: 
  LocalPositionOffset: {x: 0, y: 0, z: 0.88}
  LocalRotationOffset: {x: 0, y: 0, z: 0}
--- !u!114 &7893045795826973536
MonoBehaviour:
  m_ObjectHideFlags: 0
  m_CorrespondingSourceObject: {fileID: 0}
  m_PrefabInstance: {fileID: 0}
  m_PrefabAsset: {fileID: 0}
  m_GameObject: {fileID: 7893045795826973540}
  m_Enabled: 1
  m_EditorHideFlags: 0
  m_Script: {fileID: 11500000, guid: 5cdea428d48e2bb488d33d5f75c39bb9, type: 3}
  m_Name: 
  m_EditorClassIdentifier: 
  BeingHeld: 0
  GrabButton: 0
  Grabtype: 0
  GrabPhysics: 1
  GrabMechanic: 1
  GrabSpeed: 15
  RemoteGrabbable: 1
  RemoteGrabMechanic: 0
  RemoteGrabDistance: 2
  ThrowForceMultiplier: 2
  ThrowForceMultiplierAngular: 1.5
  BreakDistance: 0
  HideHandGraphics: 0
  ParentToHands: 0
  ParentHandModel: 1
  SnapHandModel: 1
  CanBeDropped: 1
  CanBeSnappedToSnapZone: 1
  ForceDisableKinematicOnDrop: 0
  InstantMovement: 0
  MakeChildCollidersGrabbable: 0
  handPoseType: 1
  SelectedHandPose: {fileID: 0}
  CustomHandPose: 0
  SecondaryGrabBehavior: 0
  TwoHandedPosition: 0
  TwoHandedPostionLerpAmount: 0.5
  TwoHandedRotation: 1
  TwoHandedRotationLerpAmount: 0.5
  TwoHandedDropBehavior: 0
  TwoHandedLookVector: 0
  SecondHandLookSpeed: 40
  SecondaryGrabbable: {fileID: 0}
  OtherGrabbableMustBeGrabbed: {fileID: 0}
  CollisionSpring: 3000
  CollisionSlerp: 500
  CollisionLinearMotionX: 2
  CollisionLinearMotionY: 2
  CollisionLinearMotionZ: 2
  CollisionAngularMotionX: 2
  CollisionAngularMotionY: 2
  CollisionAngularMotionZ: 2
  ApplyCorrectiveForce: 1
  MoveVelocityForce: 3000
  MoveAngularVelocityForce: 90
  LastGrabTime: 0
  LastDropTime: 0
  AddControllerVelocityOnDrop: 1
  collisions: []
  ActiveGrabPoint: {fileID: 0}
  SecondaryLookOffset: {x: 0, y: 0, z: 0}
  SecondaryLookAtTransform: {fileID: 0}
  LocalOffsetTransform: {fileID: 0}
  GrabPoints: []
  UseCustomInspector: 1
  lastFlickTime: 0
  FlickForce: 1
--- !u!135 &7893045795826973537
SphereCollider:
  m_ObjectHideFlags: 0
  m_CorrespondingSourceObject: {fileID: 0}
  m_PrefabInstance: {fileID: 0}
  m_PrefabAsset: {fileID: 0}
  m_GameObject: {fileID: 7893045795826973540}
  m_Material: {fileID: 0}
  m_IsTrigger: 0
  m_Enabled: 1
  serializedVersion: 2
  m_Radius: 0.07
  m_Center: {x: 0, y: 0, z: 0}
--- !u!54 &7893045795826973538
Rigidbody:
  m_ObjectHideFlags: 0
  m_CorrespondingSourceObject: {fileID: 0}
  m_PrefabInstance: {fileID: 0}
  m_PrefabAsset: {fileID: 0}
  m_GameObject: {fileID: 7893045795826973540}
  serializedVersion: 2
  m_Mass: 1
  m_Drag: 0
  m_AngularDrag: 0.05
  m_UseGravity: 0
  m_IsKinematic: 1
  m_Interpolate: 0
  m_Constraints: 0
  m_CollisionDetection: 0
--- !u!1 &7893045795871575439
GameObject:
  m_ObjectHideFlags: 0
  m_CorrespondingSourceObject: {fileID: 0}
  m_PrefabInstance: {fileID: 0}
  m_PrefabAsset: {fileID: 0}
  serializedVersion: 6
  m_Component:
  - component: {fileID: 7893045795871575438}
  - component: {fileID: 7893045795871575437}
  m_Layer: 0
  m_Name: SnapZoneTwo
  m_TagString: Untagged
  m_Icon: {fileID: 0}
  m_NavMeshLayer: 0
  m_StaticEditorFlags: 0
  m_IsActive: 1
--- !u!4 &7893045795871575438
Transform:
  m_ObjectHideFlags: 0
  m_CorrespondingSourceObject: {fileID: 0}
  m_PrefabInstance: {fileID: 0}
  m_PrefabAsset: {fileID: 0}
  m_GameObject: {fileID: 7893045795871575439}
  m_LocalRotation: {x: -0, y: -0, z: -0, w: 1}
  m_LocalPosition: {x: -0.06660013, y: 0, z: 0.53879994}
  m_LocalScale: {x: 0.39999998, y: 0.39999998, z: 0.39999998}
  m_ConstrainProportionsScale: 0
  m_Children: []
  m_Father: {fileID: 7893045796576968198}
  m_RootOrder: 2
  m_LocalEulerAnglesHint: {x: 0, y: 0, z: 0}
--- !u!114 &7893045795871575437
MonoBehaviour:
  m_ObjectHideFlags: 0
  m_CorrespondingSourceObject: {fileID: 0}
  m_PrefabInstance: {fileID: 0}
  m_PrefabAsset: {fileID: 0}
  m_GameObject: {fileID: 7893045795871575439}
  m_Enabled: 1
  m_EditorHideFlags: 0
  m_Script: {fileID: 11500000, guid: 804203cdc71657347bc071dfeba41047, type: 3}
  m_Name: 
  m_EditorClassIdentifier: 
  LocalPositionOffset: {x: -0.111, y: 0, z: 0.898}
  LocalRotationOffset: {x: 0, y: 0, z: 0}
--- !u!1 &7893045795877334378
GameObject:
  m_ObjectHideFlags: 0
  m_CorrespondingSourceObject: {fileID: 0}
  m_PrefabInstance: {fileID: 0}
  m_PrefabAsset: {fileID: 0}
  serializedVersion: 6
  m_Component:
  - component: {fileID: 7893045795877334377}
  m_Layer: 0
  m_Name: Orbit
  m_TagString: Untagged
  m_Icon: {fileID: 0}
  m_NavMeshLayer: 0
  m_StaticEditorFlags: 0
  m_IsActive: 1
--- !u!4 &7893045795877334377
Transform:
  m_ObjectHideFlags: 0
  m_CorrespondingSourceObject: {fileID: 0}
  m_PrefabInstance: {fileID: 0}
  m_PrefabAsset: {fileID: 0}
  m_GameObject: {fileID: 7893045795877334378}
  m_LocalRotation: {x: 0, y: 0, z: 0, w: 1}
  m_LocalPosition: {x: 0, y: -0.196, z: 0}
  m_LocalScale: {x: 1, y: 1, z: 1}
  m_ConstrainProportionsScale: 0
  m_Children:
  - {fileID: 7893045797515999433}
  - {fileID: 7893045796307806622}
  - {fileID: 5813946326869125284}
  - {fileID: 7893045796576968198}
  m_Father: {fileID: 1875832865969542986}
  m_RootOrder: 0
  m_LocalEulerAnglesHint: {x: 0, y: 0, z: 0}
--- !u!1 &7893045795891497633
GameObject:
  m_ObjectHideFlags: 0
  m_CorrespondingSourceObject: {fileID: 0}
  m_PrefabInstance: {fileID: 0}
  m_PrefabAsset: {fileID: 0}
  serializedVersion: 6
  m_Component:
  - component: {fileID: 7893045795891497632}
  m_Layer: 0
  m_Name: SpawnPosition_1
  m_TagString: Untagged
  m_Icon: {fileID: 0}
  m_NavMeshLayer: 0
  m_StaticEditorFlags: 0
  m_IsActive: 1
--- !u!4 &7893045795891497632
Transform:
  m_ObjectHideFlags: 0
  m_CorrespondingSourceObject: {fileID: 0}
  m_PrefabInstance: {fileID: 0}
  m_PrefabAsset: {fileID: 0}
  m_GameObject: {fileID: 7893045795891497633}
  m_LocalRotation: {x: -0, y: -0, z: -0, w: 1}
  m_LocalPosition: {x: -0.86299986, y: -0.13699995, z: -0.97800004}
  m_LocalScale: {x: 1, y: 1, z: 1}
  m_ConstrainProportionsScale: 0
  m_Children: []
  m_Father: {fileID: 7893045796161286114}
  m_RootOrder: 5
  m_LocalEulerAnglesHint: {x: 0, y: 0, z: 0}
--- !u!1 &7893045795994932663
GameObject:
  m_ObjectHideFlags: 0
  m_CorrespondingSourceObject: {fileID: 0}
  m_PrefabInstance: {fileID: 0}
  m_PrefabAsset: {fileID: 0}
  serializedVersion: 6
  m_Component:
  - component: {fileID: 7893045795994932662}
  m_Layer: 0
  m_Name: SpawnPosition_3
  m_TagString: Untagged
  m_Icon: {fileID: 0}
  m_NavMeshLayer: 0
  m_StaticEditorFlags: 0
  m_IsActive: 1
--- !u!4 &7893045795994932662
Transform:
  m_ObjectHideFlags: 0
  m_CorrespondingSourceObject: {fileID: 0}
  m_PrefabInstance: {fileID: 0}
  m_PrefabAsset: {fileID: 0}
  m_GameObject: {fileID: 7893045795994932663}
  m_LocalRotation: {x: -0, y: -0, z: -0, w: 1}
  m_LocalPosition: {x: -0.86299986, y: -0.13699995, z: -1.412}
  m_LocalScale: {x: 1, y: 1, z: 1}
  m_ConstrainProportionsScale: 0
  m_Children: []
  m_Father: {fileID: 7893045796161286114}
  m_RootOrder: 7
  m_LocalEulerAnglesHint: {x: 0, y: 0, z: 0}
--- !u!1 &7893045796161286115
GameObject:
  m_ObjectHideFlags: 0
  m_CorrespondingSourceObject: {fileID: 0}
  m_PrefabInstance: {fileID: 0}
  m_PrefabAsset: {fileID: 0}
  serializedVersion: 6
  m_Component:
  - component: {fileID: 7893045796161286114}
  - component: {fileID: 7893045796161286113}
  m_Layer: 0
  m_Name: Electrons
  m_TagString: Untagged
  m_Icon: {fileID: 0}
  m_NavMeshLayer: 0
  m_StaticEditorFlags: 0
  m_IsActive: 1
--- !u!4 &7893045796161286114
Transform:
  m_ObjectHideFlags: 0
  m_CorrespondingSourceObject: {fileID: 0}
  m_PrefabInstance: {fileID: 0}
  m_PrefabAsset: {fileID: 0}
  m_GameObject: {fileID: 7893045796161286115}
  m_LocalRotation: {x: 0, y: 0, z: 0, w: 1}
  m_LocalPosition: {x: 0, y: 0, z: 0}
  m_LocalScale: {x: 1, y: 1, z: 1}
  m_ConstrainProportionsScale: 0
  m_Children:
  - {fileID: 7893045797318991923}
  - {fileID: 7893045795826973539}
  - {fileID: 7893045797131581982}
  - {fileID: 7893045796215740494}
  - {fileID: 7893045797209154067}
  - {fileID: 7893045795891497632}
  - {fileID: 7893045796864789792}
  - {fileID: 7893045795994932662}
  m_Father: {fileID: 1875832865969542986}
  m_RootOrder: 1
  m_LocalEulerAnglesHint: {x: 0, y: 0, z: 0}
--- !u!114 &7893045796161286113
MonoBehaviour:
  m_ObjectHideFlags: 0
  m_CorrespondingSourceObject: {fileID: 0}
  m_PrefabInstance: {fileID: 0}
  m_PrefabAsset: {fileID: 0}
  m_GameObject: {fileID: 7893045796161286115}
  m_Enabled: 1
  m_EditorHideFlags: 0
  m_Script: {fileID: 11500000, guid: 73de6528c70165b4b90e671489c513f5, type: 3}
  m_Name: 
  m_EditorClassIdentifier: 
  Spawner: {fileID: 784656116376371568, guid: f06dcfadc82f9ec4dab0374646de3cb0, type: 3}
  SpawnPositions:
  - {fileID: 7893045797209154067}
  - {fileID: 7893045795891497632}
  - {fileID: 7893045796864789792}
  - {fileID: 7893045795994932662}
--- !u!1 &7893045796188891305
GameObject:
  m_ObjectHideFlags: 0
  m_CorrespondingSourceObject: {fileID: 0}
  m_PrefabInstance: {fileID: 0}
  m_PrefabAsset: {fileID: 0}
  serializedVersion: 6
  m_Component:
  - component: {fileID: 7893045796188891304}
  - component: {fileID: 7893045796188891303}
  m_Layer: 0
  m_Name: SnapZoneOne_1
  m_TagString: Untagged
  m_Icon: {fileID: 0}
  m_NavMeshLayer: 0
  m_StaticEditorFlags: 0
  m_IsActive: 1
--- !u!4 &7893045796188891304
Transform:
  m_ObjectHideFlags: 0
  m_CorrespondingSourceObject: {fileID: 0}
  m_PrefabInstance: {fileID: 0}
  m_PrefabAsset: {fileID: 0}
  m_GameObject: {fileID: 7893045796188891305}
  m_LocalRotation: {x: -0, y: -0, z: -0, w: 1}
  m_LocalPosition: {x: 0.07440009, y: 0, z: -0.5412}
  m_LocalScale: {x: 0.39999998, y: 0.39999998, z: 0.39999998}
  m_ConstrainProportionsScale: 0
  m_Children: []
  m_Father: {fileID: 7893045796576968198}
  m_RootOrder: 1
  m_LocalEulerAnglesHint: {x: 0, y: 0, z: 0}
--- !u!114 &7893045796188891303
MonoBehaviour:
  m_ObjectHideFlags: 0
  m_CorrespondingSourceObject: {fileID: 0}
  m_PrefabInstance: {fileID: 0}
  m_PrefabAsset: {fileID: 0}
  m_GameObject: {fileID: 7893045796188891305}
  m_Enabled: 1
  m_EditorHideFlags: 0
  m_Script: {fileID: 11500000, guid: 804203cdc71657347bc071dfeba41047, type: 3}
  m_Name: 
  m_EditorClassIdentifier: 
  LocalPositionOffset: {x: 0.124, y: 0, z: -0.902}
  LocalRotationOffset: {x: 0, y: 0, z: 0}
--- !u!1 &7893045796215740495
GameObject:
  m_ObjectHideFlags: 0
  m_CorrespondingSourceObject: {fileID: 0}
  m_PrefabInstance: {fileID: 0}
  m_PrefabAsset: {fileID: 0}
  serializedVersion: 6
  m_Component:
  - component: {fileID: 7893045796215740494}
  - component: {fileID: 7893045796215740490}
  - component: {fileID: 7893045796215740491}
  - component: {fileID: 7893045796215740492}
  - component: {fileID: 7893045796215740493}
  m_Layer: 0
  m_Name: Electron (3)
  m_TagString: Untagged
  m_Icon: {fileID: 0}
  m_NavMeshLayer: 0
  m_StaticEditorFlags: 0
  m_IsActive: 1
--- !u!4 &7893045796215740494
Transform:
  m_ObjectHideFlags: 0
  m_CorrespondingSourceObject: {fileID: 0}
  m_PrefabInstance: {fileID: 0}
  m_PrefabAsset: {fileID: 0}
  m_GameObject: {fileID: 7893045796215740495}
  m_LocalRotation: {x: -0, y: -0, z: -0, w: 1}
  m_LocalPosition: {x: -0.86299986, y: -0.13699995, z: -1.412}
  m_LocalScale: {x: 1, y: 1, z: 1}
  m_ConstrainProportionsScale: 0
  m_Children:
  - {fileID: 7893045797687849759}
  m_Father: {fileID: 7893045796161286114}
  m_RootOrder: 3
  m_LocalEulerAnglesHint: {x: 0, y: 0, z: 0}
--- !u!114 &7893045796215740490
MonoBehaviour:
  m_ObjectHideFlags: 0
  m_CorrespondingSourceObject: {fileID: 0}
  m_PrefabInstance: {fileID: 0}
  m_PrefabAsset: {fileID: 0}
  m_GameObject: {fileID: 7893045796215740495}
  m_Enabled: 1
  m_EditorHideFlags: 0
  m_Script: {fileID: 11500000, guid: 804203cdc71657347bc071dfeba41047, type: 3}
  m_Name: 
  m_EditorClassIdentifier: 
  LocalPositionOffset: {x: 0, y: 0, z: 0.88}
  LocalRotationOffset: {x: 0, y: 0, z: 0}
--- !u!114 &7893045796215740491
MonoBehaviour:
  m_ObjectHideFlags: 0
  m_CorrespondingSourceObject: {fileID: 0}
  m_PrefabInstance: {fileID: 0}
  m_PrefabAsset: {fileID: 0}
  m_GameObject: {fileID: 7893045796215740495}
  m_Enabled: 1
  m_EditorHideFlags: 0
  m_Script: {fileID: 11500000, guid: 5cdea428d48e2bb488d33d5f75c39bb9, type: 3}
  m_Name: 
  m_EditorClassIdentifier: 
  BeingHeld: 0
  GrabButton: 0
  Grabtype: 0
  GrabPhysics: 1
  GrabMechanic: 1
  GrabSpeed: 15
  RemoteGrabbable: 0
  RemoteGrabMechanic: 0
  RemoteGrabDistance: 2
  ThrowForceMultiplier: 2
  ThrowForceMultiplierAngular: 1.5
  BreakDistance: 0
  HideHandGraphics: 0
  ParentToHands: 0
  ParentHandModel: 1
  SnapHandModel: 1
  CanBeDropped: 1
  CanBeSnappedToSnapZone: 1
  ForceDisableKinematicOnDrop: 0
  InstantMovement: 0
  MakeChildCollidersGrabbable: 0
  handPoseType: 1
  SelectedHandPose: {fileID: 0}
  CustomHandPose: 0
  SecondaryGrabBehavior: 0
  TwoHandedPosition: 0
  TwoHandedPostionLerpAmount: 0.5
  TwoHandedRotation: 1
  TwoHandedRotationLerpAmount: 0.5
  TwoHandedDropBehavior: 0
  TwoHandedLookVector: 0
  SecondHandLookSpeed: 40
  SecondaryGrabbable: {fileID: 0}
  OtherGrabbableMustBeGrabbed: {fileID: 0}
  CollisionSpring: 3000
  CollisionSlerp: 500
  CollisionLinearMotionX: 2
  CollisionLinearMotionY: 2
  CollisionLinearMotionZ: 2
  CollisionAngularMotionX: 2
  CollisionAngularMotionY: 2
  CollisionAngularMotionZ: 2
  ApplyCorrectiveForce: 1
  MoveVelocityForce: 3000
  MoveAngularVelocityForce: 90
  LastGrabTime: 0
  LastDropTime: 0
  AddControllerVelocityOnDrop: 1
  collisions: []
  ActiveGrabPoint: {fileID: 0}
  SecondaryLookOffset: {x: 0, y: 0, z: 0}
  SecondaryLookAtTransform: {fileID: 0}
  LocalOffsetTransform: {fileID: 0}
  GrabPoints: []
  UseCustomInspector: 1
  lastFlickTime: 0
  FlickForce: 1
--- !u!135 &7893045796215740492
SphereCollider:
  m_ObjectHideFlags: 0
  m_CorrespondingSourceObject: {fileID: 0}
  m_PrefabInstance: {fileID: 0}
  m_PrefabAsset: {fileID: 0}
  m_GameObject: {fileID: 7893045796215740495}
  m_Material: {fileID: 0}
  m_IsTrigger: 0
  m_Enabled: 1
  serializedVersion: 2
  m_Radius: 0.07
  m_Center: {x: 0, y: 0, z: 0}
--- !u!54 &7893045796215740493
Rigidbody:
  m_ObjectHideFlags: 0
  m_CorrespondingSourceObject: {fileID: 0}
  m_PrefabInstance: {fileID: 0}
  m_PrefabAsset: {fileID: 0}
  m_GameObject: {fileID: 7893045796215740495}
  serializedVersion: 2
  m_Mass: 1
  m_Drag: 0
  m_AngularDrag: 0.05
  m_UseGravity: 0
  m_IsKinematic: 1
  m_Interpolate: 0
  m_Constraints: 0
  m_CollisionDetection: 0
--- !u!1 &7893045796307806623
GameObject:
  m_ObjectHideFlags: 0
  m_CorrespondingSourceObject: {fileID: 0}
  m_PrefabInstance: {fileID: 0}
  m_PrefabAsset: {fileID: 0}
  serializedVersion: 6
  m_Component:
  - component: {fileID: 7893045796307806622}
  - component: {fileID: 7893045796307806620}
  - component: {fileID: 7893045796307806621}
  - component: {fileID: 7893045796307806615}
  - component: {fileID: 7893045796307806616}
  - component: {fileID: 7893045796307806617}
  - component: {fileID: 7893045796307806618}
  - component: {fileID: 7893045796307806619}
  m_Layer: 0
  m_Name: Orbit_1
  m_TagString: Untagged
  m_Icon: {fileID: 0}
  m_NavMeshLayer: 0
  m_StaticEditorFlags: 0
  m_IsActive: 0
--- !u!4 &7893045796307806622
Transform:
  m_ObjectHideFlags: 0
  m_CorrespondingSourceObject: {fileID: 0}
  m_PrefabInstance: {fileID: 0}
  m_PrefabAsset: {fileID: 0}
  m_GameObject: {fileID: 7893045796307806623}
  m_LocalRotation: {x: -0, y: -0, z: -0, w: 1}
  m_LocalPosition: {x: 0, y: 0, z: 0}
  m_LocalScale: {x: 0.6, y: 0.6, z: 0.6}
  m_ConstrainProportionsScale: 1
  m_Children: []
  m_Father: {fileID: 7893045795877334377}
  m_RootOrder: 1
  m_LocalEulerAnglesHint: {x: 0, y: 0, z: 0}
--- !u!33 &7893045796307806620
MeshFilter:
  m_ObjectHideFlags: 0
  m_CorrespondingSourceObject: {fileID: 0}
  m_PrefabInstance: {fileID: 0}
  m_PrefabAsset: {fileID: 0}
  m_GameObject: {fileID: 7893045796307806623}
  m_Mesh: {fileID: -118424009166941876, guid: c943b5f70d2d83b4184b5070696bd053, type: 3}
--- !u!23 &7893045796307806621
MeshRenderer:
  m_ObjectHideFlags: 0
  m_CorrespondingSourceObject: {fileID: 0}
  m_PrefabInstance: {fileID: 0}
  m_PrefabAsset: {fileID: 0}
  m_GameObject: {fileID: 7893045796307806623}
  m_Enabled: 1
  m_CastShadows: 1
  m_ReceiveShadows: 1
  m_DynamicOccludee: 1
  m_StaticShadowCaster: 0
  m_MotionVectors: 1
  m_LightProbeUsage: 1
  m_ReflectionProbeUsage: 1
  m_RayTracingMode: 2
  m_RayTraceProcedural: 0
  m_RenderingLayerMask: 1
  m_RendererPriority: 0
  m_Materials:
  - {fileID: -749338713933554755, guid: c943b5f70d2d83b4184b5070696bd053, type: 3}
  m_StaticBatchInfo:
    firstSubMesh: 0
    subMeshCount: 0
  m_StaticBatchRoot: {fileID: 0}
  m_ProbeAnchor: {fileID: 0}
  m_LightProbeVolumeOverride: {fileID: 0}
  m_ScaleInLightmap: 1
  m_ReceiveGI: 1
  m_PreserveUVs: 0
  m_IgnoreNormalsForChartDetection: 0
  m_ImportantGI: 0
  m_StitchLightmapSeams: 1
  m_SelectedEditorRenderState: 3
  m_MinimumChartSize: 4
  m_AutoUVMaxDistance: 0.5
  m_AutoUVMaxAngle: 89
  m_LightmapParameters: {fileID: 0}
  m_SortingLayerID: 0
  m_SortingLayer: 0
  m_SortingOrder: 0
  m_AdditionalVertexStreams: {fileID: 0}
--- !u!135 &7893045796307806615
SphereCollider:
  m_ObjectHideFlags: 0
  m_CorrespondingSourceObject: {fileID: 0}
  m_PrefabInstance: {fileID: 0}
  m_PrefabAsset: {fileID: 0}
  m_GameObject: {fileID: 7893045796307806623}
  m_Material: {fileID: 0}
  m_IsTrigger: 1
  m_Enabled: 1
  serializedVersion: 2
  m_Radius: 0.92099196
  m_Center: {x: -0.0000009536743, y: 0, z: -0.0000009536743}
--- !u!114 &7893045796307806616
MonoBehaviour:
  m_ObjectHideFlags: 0
  m_CorrespondingSourceObject: {fileID: 0}
  m_PrefabInstance: {fileID: 0}
  m_PrefabAsset: {fileID: 0}
  m_GameObject: {fileID: 7893045796307806623}
  m_Enabled: 1
  m_EditorHideFlags: 0
  m_Script: {fileID: 11500000, guid: 55b646e2949ffb74c9ca8c512b4411df, type: 3}
  m_Name: 
  m_EditorClassIdentifier: 
  HeldItem: {fileID: 0}
  StartingItem: {fileID: 0}
  CanDropItem: 1
  CanSwapItem: 1
  CanRemoveItem: 1
  ScaleItem: 1
  DisableColliders: 1
  DuplicateItemOnGrab: 1
  MaxDropTime: 0.1
  LastSnapTime: 0
  OnlyAllowNames: []
  ExcludeTransformNames: []
  SoundOnSnap: {fileID: 0}
  SoundOnUnsnap: {fileID: 0}
  OnSnapEvent:
    m_PersistentCalls:
      m_Calls:
      - m_Target: {fileID: 0}
        m_TargetAssemblyTypeName: DistributionOfAtom, Assembly-CSharp
        m_MethodName: EnergyLevelLimit
        m_Mode: 3
        m_Arguments:
          m_ObjectArgument: {fileID: 0}
          m_ObjectArgumentAssemblyTypeName: UnityEngine.Object, UnityEngine
          m_IntArgument: 1
          m_FloatArgument: 0
          m_StringArgument: 
          m_BoolArgument: 0
        m_CallState: 2
      - m_Target: {fileID: 7893045796307806616}
        m_TargetAssemblyTypeName: BNG.SnapZone, Assembly-CSharp
        m_MethodName: RemoveHeldItem
        m_Mode: 1
        m_Arguments:
          m_ObjectArgument: {fileID: 0}
          m_ObjectArgumentAssemblyTypeName: UnityEngine.Object, UnityEngine
          m_IntArgument: 0
          m_FloatArgument: 0
          m_StringArgument: 
          m_BoolArgument: 0
        m_CallState: 2
      - m_Target: {fileID: 7893045796307806616}
        m_TargetAssemblyTypeName: BNG.SnapZone, Assembly-CSharp
        m_MethodName: SnapZoneIndex
        m_Mode: 1
        m_Arguments:
          m_ObjectArgument: {fileID: 0}
          m_ObjectArgumentAssemblyTypeName: UnityEngine.Object, UnityEngine
          m_IntArgument: 0
          m_FloatArgument: 0
          m_StringArgument: 
          m_BoolArgument: 0
        m_CallState: 2
  highlight: 0
  OnDetachEvent:
    m_PersistentCalls:
      m_Calls: []
  ClosestGrabbable: {fileID: 0}
  multibleSanpZone: 1
  sanpZoneOffsets:
  - {fileID: 7893045795758427211}
  - {fileID: 7893045796188891303}
  - {fileID: 7893045795871575437}
  - {fileID: 7893045797681489609}
  - {fileID: 7893045797301697545}
  - {fileID: 7893045797036057465}
  - {fileID: 7893045796983515810}
  - {fileID: 7893045796765650350}
--- !u!114 &7893045796307806617
MonoBehaviour:
  m_ObjectHideFlags: 0
  m_CorrespondingSourceObject: {fileID: 0}
  m_PrefabInstance: {fileID: 0}
  m_PrefabAsset: {fileID: 0}
  m_GameObject: {fileID: 7893045796307806623}
  m_Enabled: 1
  m_EditorHideFlags: 0
  m_Script: {fileID: 11500000, guid: 5cdea428d48e2bb488d33d5f75c39bb9, type: 3}
  m_Name: 
  m_EditorClassIdentifier: 
  BeingHeld: 0
  GrabButton: 2
  Grabtype: 2
  GrabPhysics: 4
  GrabMechanic: 1
  GrabSpeed: 15
  RemoteGrabbable: 0
  RemoteGrabMechanic: 0
  RemoteGrabDistance: 2
  ThrowForceMultiplier: 2
  ThrowForceMultiplierAngular: 1.5
  BreakDistance: 0
  HideHandGraphics: 0
  ParentToHands: 0
  ParentHandModel: 1
  SnapHandModel: 1
  CanBeDropped: 1
  CanBeSnappedToSnapZone: 1
  ForceDisableKinematicOnDrop: 0
  InstantMovement: 0
  MakeChildCollidersGrabbable: 0
  handPoseType: 1
  SelectedHandPose: {fileID: 0}
  CustomHandPose: 0
  SecondaryGrabBehavior: 0
  TwoHandedPosition: 0
  TwoHandedPostionLerpAmount: 0.5
  TwoHandedRotation: 1
  TwoHandedRotationLerpAmount: 0.5
  TwoHandedDropBehavior: 0
  TwoHandedLookVector: 0
  SecondHandLookSpeed: 40
  SecondaryGrabbable: {fileID: 0}
  OtherGrabbableMustBeGrabbed: {fileID: 0}
  CollisionSpring: 3000
  CollisionSlerp: 500
  CollisionLinearMotionX: 2
  CollisionLinearMotionY: 2
  CollisionLinearMotionZ: 2
  CollisionAngularMotionX: 2
  CollisionAngularMotionY: 2
  CollisionAngularMotionZ: 2
  ApplyCorrectiveForce: 1
  MoveVelocityForce: 3000
  MoveAngularVelocityForce: 90
  LastGrabTime: 0
  LastDropTime: 0
  AddControllerVelocityOnDrop: 1
  collisions: []
  ActiveGrabPoint: {fileID: 0}
  SecondaryLookOffset: {x: 0, y: 0, z: 0}
  SecondaryLookAtTransform: {fileID: 0}
  LocalOffsetTransform: {fileID: 0}
  GrabPoints: []
  UseCustomInspector: 1
  lastFlickTime: 0
  FlickForce: 1
--- !u!114 &7893045796307806618
MonoBehaviour:
  m_ObjectHideFlags: 0
  m_CorrespondingSourceObject: {fileID: 0}
  m_PrefabInstance: {fileID: 0}
  m_PrefabAsset: {fileID: 0}
  m_GameObject: {fileID: 7893045796307806623}
  m_Enabled: 1
  m_EditorHideFlags: 0
  m_Script: {fileID: 11500000, guid: 5d5be54ff720e43488e1738e2db6b6fc, type: 3}
  m_Name: 
  m_EditorClassIdentifier: 
  OnGrabEvent:
    m_PersistentCalls:
      m_Calls:
      - m_Target: {fileID: 7893045796307806616}
        m_TargetAssemblyTypeName: BNG.SnapZone, Assembly-CSharp
        m_MethodName: GrabEquipped
        m_Mode: 0
        m_Arguments:
          m_ObjectArgument: {fileID: 0}
          m_ObjectArgumentAssemblyTypeName: UnityEngine.Object, UnityEngine
          m_IntArgument: 0
          m_FloatArgument: 0
          m_StringArgument: 
          m_BoolArgument: 0
        m_CallState: 2
--- !u!114 &7893045796307806619
MonoBehaviour:
  m_ObjectHideFlags: 0
  m_CorrespondingSourceObject: {fileID: 0}
  m_PrefabInstance: {fileID: 0}
  m_PrefabAsset: {fileID: 0}
  m_GameObject: {fileID: 7893045796307806623}
  m_Enabled: 1
  m_EditorHideFlags: 0
  m_Script: {fileID: 11500000, guid: 2d4b3aeee51a5bd48bf569efd03b09ac, type: 3}
  m_Name: 
  m_EditorClassIdentifier: 
  ClosestGrabbable: {fileID: 0}
  ClosestRemoteGrabbable: {fileID: 0}
  FireGrabbableEvents: 0
--- !u!1 &7893045796576968199
GameObject:
  m_ObjectHideFlags: 0
  m_CorrespondingSourceObject: {fileID: 0}
  m_PrefabInstance: {fileID: 0}
  m_PrefabAsset: {fileID: 0}
  serializedVersion: 6
  m_Component:
  - component: {fileID: 7893045796576968198}
  m_Layer: 0
  m_Name: SanpZoneOffsets
  m_TagString: Untagged
  m_Icon: {fileID: 0}
  m_NavMeshLayer: 0
  m_StaticEditorFlags: 0
  m_IsActive: 1
--- !u!4 &7893045796576968198
Transform:
  m_ObjectHideFlags: 0
  m_CorrespondingSourceObject: {fileID: 0}
  m_PrefabInstance: {fileID: 0}
  m_PrefabAsset: {fileID: 0}
  m_GameObject: {fileID: 7893045796576968199}
  m_LocalRotation: {x: 0, y: 0, z: 0, w: 1}
  m_LocalPosition: {x: 0, y: 0, z: 0}
  m_LocalScale: {x: 1, y: 1, z: 1}
  m_ConstrainProportionsScale: 0
  m_Children:
  - {fileID: 7893045795758427212}
  - {fileID: 7893045796188891304}
  - {fileID: 7893045795871575438}
  - {fileID: 7893045797681489610}
  - {fileID: 7893045797301697546}
  - {fileID: 7893045797036057466}
  - {fileID: 7893045796983515811}
  - {fileID: 7893045796765650351}
  m_Father: {fileID: 7893045795877334377}
  m_RootOrder: 3
  m_LocalEulerAnglesHint: {x: 0, y: 0, z: 0}
--- !u!1 &7893045796660082573
GameObject:
  m_ObjectHideFlags: 0
  m_CorrespondingSourceObject: {fileID: 0}
  m_PrefabInstance: {fileID: 0}
  m_PrefabAsset: {fileID: 0}
  serializedVersion: 6
  m_Component:
  - component: {fileID: 7893045796660082572}
  - component: {fileID: 7893045796660082570}
  - component: {fileID: 7893045796660082571}
  m_Layer: 0
  m_Name: Nitron
  m_TagString: Untagged
  m_Icon: {fileID: 0}
  m_NavMeshLayer: 0
  m_StaticEditorFlags: 0
  m_IsActive: 1
--- !u!4 &7893045796660082572
Transform:
  m_ObjectHideFlags: 0
  m_CorrespondingSourceObject: {fileID: 0}
  m_PrefabInstance: {fileID: 0}
  m_PrefabAsset: {fileID: 0}
  m_GameObject: {fileID: 7893045796660082573}
  m_LocalRotation: {x: -0, y: -0.6074007, z: -0, w: 0.7943956}
  m_LocalPosition: {x: -0.6810003, y: -0.00008027046, z: 0.18459985}
  m_LocalScale: {x: 1, y: 1, z: 1}
  m_ConstrainProportionsScale: 0
  m_Children: []
  m_Father: {fileID: 7893045795826973539}
  m_RootOrder: 0
  m_LocalEulerAnglesHint: {x: 0, y: 0, z: 0}
--- !u!33 &7893045796660082570
MeshFilter:
  m_ObjectHideFlags: 0
  m_CorrespondingSourceObject: {fileID: 0}
  m_PrefabInstance: {fileID: 0}
  m_PrefabAsset: {fileID: 0}
  m_GameObject: {fileID: 7893045796660082573}
  m_Mesh: {fileID: 6795511101183797460, guid: c943b5f70d2d83b4184b5070696bd053, type: 3}
--- !u!23 &7893045796660082571
MeshRenderer:
  m_ObjectHideFlags: 0
  m_CorrespondingSourceObject: {fileID: 0}
  m_PrefabInstance: {fileID: 0}
  m_PrefabAsset: {fileID: 0}
  m_GameObject: {fileID: 7893045796660082573}
  m_Enabled: 1
  m_CastShadows: 1
  m_ReceiveShadows: 1
  m_DynamicOccludee: 1
  m_StaticShadowCaster: 0
  m_MotionVectors: 1
  m_LightProbeUsage: 1
  m_ReflectionProbeUsage: 1
  m_RayTracingMode: 2
  m_RayTraceProcedural: 0
  m_RenderingLayerMask: 1
  m_RendererPriority: 0
  m_Materials:
  - {fileID: -2310514774154243031, guid: c943b5f70d2d83b4184b5070696bd053, type: 3}
  m_StaticBatchInfo:
    firstSubMesh: 0
    subMeshCount: 0
  m_StaticBatchRoot: {fileID: 0}
  m_ProbeAnchor: {fileID: 0}
  m_LightProbeVolumeOverride: {fileID: 0}
  m_ScaleInLightmap: 1
  m_ReceiveGI: 1
  m_PreserveUVs: 0
  m_IgnoreNormalsForChartDetection: 0
  m_ImportantGI: 0
  m_StitchLightmapSeams: 1
  m_SelectedEditorRenderState: 3
  m_MinimumChartSize: 4
  m_AutoUVMaxDistance: 0.5
  m_AutoUVMaxAngle: 89
  m_LightmapParameters: {fileID: 0}
  m_SortingLayerID: 0
  m_SortingLayer: 0
  m_SortingOrder: 0
  m_AdditionalVertexStreams: {fileID: 0}
--- !u!1 &7893045796765650352
GameObject:
  m_ObjectHideFlags: 0
  m_CorrespondingSourceObject: {fileID: 0}
  m_PrefabInstance: {fileID: 0}
  m_PrefabAsset: {fileID: 0}
  serializedVersion: 6
  m_Component:
  - component: {fileID: 7893045796765650351}
  - component: {fileID: 7893045796765650350}
  m_Layer: 0
  m_Name: SnapZoneFour_1
  m_TagString: Untagged
  m_Icon: {fileID: 0}
  m_NavMeshLayer: 0
  m_StaticEditorFlags: 0
  m_IsActive: 1
--- !u!4 &7893045796765650351
Transform:
  m_ObjectHideFlags: 0
  m_CorrespondingSourceObject: {fileID: 0}
  m_PrefabInstance: {fileID: 0}
  m_PrefabAsset: {fileID: 0}
  m_GameObject: {fileID: 7893045796765650352}
  m_LocalRotation: {x: -0, y: -0, z: -0, w: 1}
  m_LocalPosition: {x: -0.5364, y: 0, z: 0.085200116}
  m_LocalScale: {x: 0.39999998, y: 0.39999998, z: 0.39999998}
  m_ConstrainProportionsScale: 0
  m_Children: []
  m_Father: {fileID: 7893045796576968198}
  m_RootOrder: 7
  m_LocalEulerAnglesHint: {x: 0, y: 0, z: 0}
--- !u!114 &7893045796765650350
MonoBehaviour:
  m_ObjectHideFlags: 0
  m_CorrespondingSourceObject: {fileID: 0}
  m_PrefabInstance: {fileID: 0}
  m_PrefabAsset: {fileID: 0}
  m_GameObject: {fileID: 7893045796765650352}
  m_Enabled: 1
  m_EditorHideFlags: 0
  m_Script: {fileID: 11500000, guid: 804203cdc71657347bc071dfeba41047, type: 3}
  m_Name: 
  m_EditorClassIdentifier: 
  LocalPositionOffset: {x: -0.894, y: 0, z: 0.142}
  LocalRotationOffset: {x: 0, y: 0, z: 0}
--- !u!1 &7893045796864789793
GameObject:
  m_ObjectHideFlags: 0
  m_CorrespondingSourceObject: {fileID: 0}
  m_PrefabInstance: {fileID: 0}
  m_PrefabAsset: {fileID: 0}
  serializedVersion: 6
  m_Component:
  - component: {fileID: 7893045796864789792}
  m_Layer: 0
  m_Name: SpawnPosition_2
  m_TagString: Untagged
  m_Icon: {fileID: 0}
  m_NavMeshLayer: 0
  m_StaticEditorFlags: 0
  m_IsActive: 1
--- !u!4 &7893045796864789792
Transform:
  m_ObjectHideFlags: 0
  m_CorrespondingSourceObject: {fileID: 0}
  m_PrefabInstance: {fileID: 0}
  m_PrefabAsset: {fileID: 0}
  m_GameObject: {fileID: 7893045796864789793}
  m_LocalRotation: {x: -0, y: -0, z: -0, w: 1}
  m_LocalPosition: {x: -0.86299986, y: -0.13699995, z: -1.1900002}
  m_LocalScale: {x: 1, y: 1, z: 1}
  m_ConstrainProportionsScale: 0
  m_Children: []
  m_Father: {fileID: 7893045796161286114}
  m_RootOrder: 6
  m_LocalEulerAnglesHint: {x: 0, y: 0, z: 0}
--- !u!1 &7893045796983515812
GameObject:
  m_ObjectHideFlags: 0
  m_CorrespondingSourceObject: {fileID: 0}
  m_PrefabInstance: {fileID: 0}
  m_PrefabAsset: {fileID: 0}
  serializedVersion: 6
  m_Component:
  - component: {fileID: 7893045796983515811}
  - component: {fileID: 7893045796983515810}
  m_Layer: 0
  m_Name: SnapZoneFour
  m_TagString: Untagged
  m_Icon: {fileID: 0}
  m_NavMeshLayer: 0
  m_StaticEditorFlags: 0
  m_IsActive: 1
--- !u!4 &7893045796983515811
Transform:
  m_ObjectHideFlags: 0
  m_CorrespondingSourceObject: {fileID: 0}
  m_PrefabInstance: {fileID: 0}
  m_PrefabAsset: {fileID: 0}
  m_GameObject: {fileID: 7893045796983515812}
  m_LocalRotation: {x: -0, y: -0, z: -0, w: 1}
  m_LocalPosition: {x: -0.5388001, y: 0, z: -0.103800125}
  m_LocalScale: {x: 0.39999998, y: 0.39999998, z: 0.39999998}
  m_ConstrainProportionsScale: 0
  m_Children: []
  m_Father: {fileID: 7893045796576968198}
  m_RootOrder: 6
  m_LocalEulerAnglesHint: {x: 0, y: 0, z: 0}
--- !u!114 &7893045796983515810
MonoBehaviour:
  m_ObjectHideFlags: 0
  m_CorrespondingSourceObject: {fileID: 0}
  m_PrefabInstance: {fileID: 0}
  m_PrefabAsset: {fileID: 0}
  m_GameObject: {fileID: 7893045796983515812}
  m_Enabled: 1
  m_EditorHideFlags: 0
  m_Script: {fileID: 11500000, guid: 804203cdc71657347bc071dfeba41047, type: 3}
  m_Name: 
  m_EditorClassIdentifier: 
  LocalPositionOffset: {x: -0.898, y: 0, z: -0.173}
  LocalRotationOffset: {x: 0, y: 0, z: 0}
--- !u!1 &7893045797036057467
GameObject:
  m_ObjectHideFlags: 0
  m_CorrespondingSourceObject: {fileID: 0}
  m_PrefabInstance: {fileID: 0}
  m_PrefabAsset: {fileID: 0}
  serializedVersion: 6
  m_Component:
  - component: {fileID: 7893045797036057466}
  - component: {fileID: 7893045797036057465}
  m_Layer: 0
  m_Name: SnapZoneThree_1
  m_TagString: Untagged
  m_Icon: {fileID: 0}
  m_NavMeshLayer: 0
  m_StaticEditorFlags: 0
  m_IsActive: 1
--- !u!4 &7893045797036057466
Transform:
  m_ObjectHideFlags: 0
  m_CorrespondingSourceObject: {fileID: 0}
  m_PrefabInstance: {fileID: 0}
  m_PrefabAsset: {fileID: 0}
  m_GameObject: {fileID: 7893045797036057467}
  m_LocalRotation: {x: -0, y: -0, z: -0, w: 1}
  m_LocalPosition: {x: 0.5298, y: 0, z: 0.10740007}
  m_LocalScale: {x: 0.39999998, y: 0.39999998, z: 0.39999998}
  m_ConstrainProportionsScale: 0
  m_Children: []
  m_Father: {fileID: 7893045796576968198}
  m_RootOrder: 5
  m_LocalEulerAnglesHint: {x: 0, y: 0, z: 0}
--- !u!114 &7893045797036057465
MonoBehaviour:
  m_ObjectHideFlags: 0
  m_CorrespondingSourceObject: {fileID: 0}
  m_PrefabInstance: {fileID: 0}
  m_PrefabAsset: {fileID: 0}
  m_GameObject: {fileID: 7893045797036057467}
  m_Enabled: 1
  m_EditorHideFlags: 0
  m_Script: {fileID: 11500000, guid: 804203cdc71657347bc071dfeba41047, type: 3}
  m_Name: 
  m_EditorClassIdentifier: 
  LocalPositionOffset: {x: 0.883, y: 0, z: 0.179}
  LocalRotationOffset: {x: 0, y: 0, z: 0}
--- !u!1 &7893045797131581983
GameObject:
  m_ObjectHideFlags: 0
  m_CorrespondingSourceObject: {fileID: 0}
  m_PrefabInstance: {fileID: 0}
  m_PrefabAsset: {fileID: 0}
  serializedVersion: 6
  m_Component:
  - component: {fileID: 7893045797131581982}
  - component: {fileID: 7893045797131581978}
  - component: {fileID: 7893045797131581979}
  - component: {fileID: 7893045797131581980}
  - component: {fileID: 7893045797131581981}
  m_Layer: 0
  m_Name: Electron (2)
  m_TagString: Untagged
  m_Icon: {fileID: 0}
  m_NavMeshLayer: 0
  m_StaticEditorFlags: 0
  m_IsActive: 1
--- !u!4 &7893045797131581982
Transform:
  m_ObjectHideFlags: 0
  m_CorrespondingSourceObject: {fileID: 0}
  m_PrefabInstance: {fileID: 0}
  m_PrefabAsset: {fileID: 0}
  m_GameObject: {fileID: 7893045797131581983}
  m_LocalRotation: {x: -0, y: -0, z: -0, w: 1}
  m_LocalPosition: {x: -0.86299986, y: -0.13699995, z: -1.1900002}
  m_LocalScale: {x: 1, y: 1, z: 1}
  m_ConstrainProportionsScale: 0
  m_Children:
  - {fileID: 7893045797712677976}
  m_Father: {fileID: 7893045796161286114}
  m_RootOrder: 2
  m_LocalEulerAnglesHint: {x: 0, y: 0, z: 0}
--- !u!114 &7893045797131581978
MonoBehaviour:
  m_ObjectHideFlags: 0
  m_CorrespondingSourceObject: {fileID: 0}
  m_PrefabInstance: {fileID: 0}
  m_PrefabAsset: {fileID: 0}
  m_GameObject: {fileID: 7893045797131581983}
  m_Enabled: 1
  m_EditorHideFlags: 0
  m_Script: {fileID: 11500000, guid: 804203cdc71657347bc071dfeba41047, type: 3}
  m_Name: 
  m_EditorClassIdentifier: 
  LocalPositionOffset: {x: 0, y: 0, z: 0.88}
  LocalRotationOffset: {x: 0, y: 0, z: 0}
--- !u!114 &7893045797131581979
MonoBehaviour:
  m_ObjectHideFlags: 0
  m_CorrespondingSourceObject: {fileID: 0}
  m_PrefabInstance: {fileID: 0}
  m_PrefabAsset: {fileID: 0}
  m_GameObject: {fileID: 7893045797131581983}
  m_Enabled: 1
  m_EditorHideFlags: 0
  m_Script: {fileID: 11500000, guid: 5cdea428d48e2bb488d33d5f75c39bb9, type: 3}
  m_Name: 
  m_EditorClassIdentifier: 
  BeingHeld: 0
  GrabButton: 0
  Grabtype: 0
  GrabPhysics: 1
  GrabMechanic: 1
  GrabSpeed: 15
  RemoteGrabbable: 0
  RemoteGrabMechanic: 0
  RemoteGrabDistance: 2
  ThrowForceMultiplier: 2
  ThrowForceMultiplierAngular: 1.5
  BreakDistance: 0
  HideHandGraphics: 0
  ParentToHands: 0
  ParentHandModel: 1
  SnapHandModel: 1
  CanBeDropped: 1
  CanBeSnappedToSnapZone: 1
  ForceDisableKinematicOnDrop: 0
  InstantMovement: 0
  MakeChildCollidersGrabbable: 0
  handPoseType: 1
  SelectedHandPose: {fileID: 0}
  CustomHandPose: 0
  SecondaryGrabBehavior: 0
  TwoHandedPosition: 0
  TwoHandedPostionLerpAmount: 0.5
  TwoHandedRotation: 1
  TwoHandedRotationLerpAmount: 0.5
  TwoHandedDropBehavior: 0
  TwoHandedLookVector: 0
  SecondHandLookSpeed: 40
  SecondaryGrabbable: {fileID: 0}
  OtherGrabbableMustBeGrabbed: {fileID: 0}
  CollisionSpring: 3000
  CollisionSlerp: 500
  CollisionLinearMotionX: 2
  CollisionLinearMotionY: 2
  CollisionLinearMotionZ: 2
  CollisionAngularMotionX: 2
  CollisionAngularMotionY: 2
  CollisionAngularMotionZ: 2
  ApplyCorrectiveForce: 1
  MoveVelocityForce: 3000
  MoveAngularVelocityForce: 90
  LastGrabTime: 0
  LastDropTime: 0
  AddControllerVelocityOnDrop: 1
  collisions: []
  ActiveGrabPoint: {fileID: 0}
  SecondaryLookOffset: {x: 0, y: 0, z: 0}
  SecondaryLookAtTransform: {fileID: 0}
  LocalOffsetTransform: {fileID: 0}
  GrabPoints: []
  UseCustomInspector: 1
  lastFlickTime: 0
  FlickForce: 1
--- !u!135 &7893045797131581980
SphereCollider:
  m_ObjectHideFlags: 0
  m_CorrespondingSourceObject: {fileID: 0}
  m_PrefabInstance: {fileID: 0}
  m_PrefabAsset: {fileID: 0}
  m_GameObject: {fileID: 7893045797131581983}
  m_Material: {fileID: 0}
  m_IsTrigger: 0
  m_Enabled: 1
  serializedVersion: 2
  m_Radius: 0.07
  m_Center: {x: 0, y: 0, z: 0}
--- !u!54 &7893045797131581981
Rigidbody:
  m_ObjectHideFlags: 0
  m_CorrespondingSourceObject: {fileID: 0}
  m_PrefabInstance: {fileID: 0}
  m_PrefabAsset: {fileID: 0}
  m_GameObject: {fileID: 7893045797131581983}
  serializedVersion: 2
  m_Mass: 1
  m_Drag: 0
  m_AngularDrag: 0.05
  m_UseGravity: 0
  m_IsKinematic: 1
  m_Interpolate: 0
  m_Constraints: 0
  m_CollisionDetection: 0
--- !u!1 &7893045797209154068
GameObject:
  m_ObjectHideFlags: 0
  m_CorrespondingSourceObject: {fileID: 0}
  m_PrefabInstance: {fileID: 0}
  m_PrefabAsset: {fileID: 0}
  serializedVersion: 6
  m_Component:
  - component: {fileID: 7893045797209154067}
  m_Layer: 0
  m_Name: SpawnPosition_0
  m_TagString: Untagged
  m_Icon: {fileID: 0}
  m_NavMeshLayer: 0
  m_StaticEditorFlags: 0
  m_IsActive: 1
--- !u!4 &7893045797209154067
Transform:
  m_ObjectHideFlags: 0
  m_CorrespondingSourceObject: {fileID: 0}
  m_PrefabInstance: {fileID: 0}
  m_PrefabAsset: {fileID: 0}
  m_GameObject: {fileID: 7893045797209154068}
  m_LocalRotation: {x: -0, y: -0, z: -0, w: 1}
  m_LocalPosition: {x: -0.86299986, y: -0.13699995, z: -0.77300006}
  m_LocalScale: {x: 1, y: 1, z: 1}
  m_ConstrainProportionsScale: 0
  m_Children: []
  m_Father: {fileID: 7893045796161286114}
  m_RootOrder: 4
  m_LocalEulerAnglesHint: {x: 0, y: 0, z: 0}
--- !u!1 &7893045797301697547
GameObject:
  m_ObjectHideFlags: 0
  m_CorrespondingSourceObject: {fileID: 0}
  m_PrefabInstance: {fileID: 0}
  m_PrefabAsset: {fileID: 0}
  serializedVersion: 6
  m_Component:
  - component: {fileID: 7893045797301697546}
  - component: {fileID: 7893045797301697545}
  m_Layer: 0
  m_Name: SnapZoneThree
  m_TagString: Untagged
  m_Icon: {fileID: 0}
  m_NavMeshLayer: 0
  m_StaticEditorFlags: 0
  m_IsActive: 1
--- !u!4 &7893045797301697546
Transform:
  m_ObjectHideFlags: 0
  m_CorrespondingSourceObject: {fileID: 0}
  m_PrefabInstance: {fileID: 0}
  m_PrefabAsset: {fileID: 0}
  m_GameObject: {fileID: 7893045797301697547}
  m_LocalRotation: {x: -0, y: -0, z: -0, w: 1}
  m_LocalPosition: {x: 0.5340001, y: 0, z: -0.11399994}
  m_LocalScale: {x: 0.39999998, y: 0.39999998, z: 0.39999998}
  m_ConstrainProportionsScale: 0
  m_Children: []
  m_Father: {fileID: 7893045796576968198}
  m_RootOrder: 4
  m_LocalEulerAnglesHint: {x: 0, y: 0, z: 0}
--- !u!114 &7893045797301697545
MonoBehaviour:
  m_ObjectHideFlags: 0
  m_CorrespondingSourceObject: {fileID: 0}
  m_PrefabInstance: {fileID: 0}
  m_PrefabAsset: {fileID: 0}
  m_GameObject: {fileID: 7893045797301697547}
  m_Enabled: 1
  m_EditorHideFlags: 0
  m_Script: {fileID: 11500000, guid: 804203cdc71657347bc071dfeba41047, type: 3}
  m_Name: 
  m_EditorClassIdentifier: 
  LocalPositionOffset: {x: 0.89, y: 0, z: -0.19}
  LocalRotationOffset: {x: 0, y: 0, z: 0}
--- !u!1 &7893045797515999434
GameObject:
  m_ObjectHideFlags: 0
  m_CorrespondingSourceObject: {fileID: 0}
  m_PrefabInstance: {fileID: 0}
  m_PrefabAsset: {fileID: 0}
  serializedVersion: 6
  m_Component:
  - component: {fileID: 7893045797515999433}
  - component: {fileID: 7893045797515999431}
  - component: {fileID: 7893045797515999432}
  - component: {fileID: 7893045797515999426}
  - component: {fileID: 7893045797515999427}
  - component: {fileID: 7893045797515999428}
  - component: {fileID: 7893045797515999429}
  - component: {fileID: 7893045797515999430}
  m_Layer: 0
  m_Name: Orbit_0
  m_TagString: Untagged
  m_Icon: {fileID: 0}
  m_NavMeshLayer: 0
  m_StaticEditorFlags: 0
  m_IsActive: 0
--- !u!4 &7893045797515999433
Transform:
  m_ObjectHideFlags: 0
  m_CorrespondingSourceObject: {fileID: 0}
  m_PrefabInstance: {fileID: 0}
  m_PrefabAsset: {fileID: 0}
  m_GameObject: {fileID: 7893045797515999434}
  m_LocalRotation: {x: -0, y: -0, z: -0, w: 1}
  m_LocalPosition: {x: 0, y: 0, z: 0}
  m_LocalScale: {x: 0.4, y: 0.4, z: 0.4}
  m_ConstrainProportionsScale: 1
  m_Children: []
  m_Father: {fileID: 7893045795877334377}
  m_RootOrder: 0
  m_LocalEulerAnglesHint: {x: 0, y: 0, z: 0}
--- !u!33 &7893045797515999431
MeshFilter:
  m_ObjectHideFlags: 0
  m_CorrespondingSourceObject: {fileID: 0}
  m_PrefabInstance: {fileID: 0}
  m_PrefabAsset: {fileID: 0}
  m_GameObject: {fileID: 7893045797515999434}
  m_Mesh: {fileID: -118424009166941876, guid: c943b5f70d2d83b4184b5070696bd053, type: 3}
--- !u!23 &7893045797515999432
MeshRenderer:
  m_ObjectHideFlags: 0
  m_CorrespondingSourceObject: {fileID: 0}
  m_PrefabInstance: {fileID: 0}
  m_PrefabAsset: {fileID: 0}
  m_GameObject: {fileID: 7893045797515999434}
  m_Enabled: 1
  m_CastShadows: 1
  m_ReceiveShadows: 1
  m_DynamicOccludee: 1
  m_StaticShadowCaster: 0
  m_MotionVectors: 1
  m_LightProbeUsage: 1
  m_ReflectionProbeUsage: 1
  m_RayTracingMode: 2
  m_RayTraceProcedural: 0
  m_RenderingLayerMask: 1
  m_RendererPriority: 0
  m_Materials:
  - {fileID: -749338713933554755, guid: c943b5f70d2d83b4184b5070696bd053, type: 3}
  m_StaticBatchInfo:
    firstSubMesh: 0
    subMeshCount: 0
  m_StaticBatchRoot: {fileID: 0}
  m_ProbeAnchor: {fileID: 0}
  m_LightProbeVolumeOverride: {fileID: 0}
  m_ScaleInLightmap: 1
  m_ReceiveGI: 1
  m_PreserveUVs: 0
  m_IgnoreNormalsForChartDetection: 0
  m_ImportantGI: 0
  m_StitchLightmapSeams: 1
  m_SelectedEditorRenderState: 3
  m_MinimumChartSize: 4
  m_AutoUVMaxDistance: 0.5
  m_AutoUVMaxAngle: 89
  m_LightmapParameters: {fileID: 0}
  m_SortingLayerID: 0
  m_SortingLayer: 0
  m_SortingOrder: 0
  m_AdditionalVertexStreams: {fileID: 0}
--- !u!135 &7893045797515999426
SphereCollider:
  m_ObjectHideFlags: 0
  m_CorrespondingSourceObject: {fileID: 0}
  m_PrefabInstance: {fileID: 0}
  m_PrefabAsset: {fileID: 0}
  m_GameObject: {fileID: 7893045797515999434}
  m_Material: {fileID: 0}
  m_IsTrigger: 1
  m_Enabled: 1
  serializedVersion: 2
  m_Radius: 0.92099196
  m_Center: {x: -0.0000009536743, y: 0, z: -0.0000009536743}
--- !u!114 &7893045797515999427
MonoBehaviour:
  m_ObjectHideFlags: 0
  m_CorrespondingSourceObject: {fileID: 0}
  m_PrefabInstance: {fileID: 0}
  m_PrefabAsset: {fileID: 0}
  m_GameObject: {fileID: 7893045797515999434}
  m_Enabled: 1
  m_EditorHideFlags: 0
  m_Script: {fileID: 11500000, guid: 55b646e2949ffb74c9ca8c512b4411df, type: 3}
  m_Name: 
  m_EditorClassIdentifier: 
  HeldItem: {fileID: 0}
  StartingItem: {fileID: 0}
  CanDropItem: 1
  CanSwapItem: 1
  CanRemoveItem: 1
  ScaleItem: 1
  DisableColliders: 1
  DuplicateItemOnGrab: 1
  MaxDropTime: 0.1
  LastSnapTime: 0
  OnlyAllowNames: []
  ExcludeTransformNames: []
  SoundOnSnap: {fileID: 0}
  SoundOnUnsnap: {fileID: 0}
  OnSnapEvent:
    m_PersistentCalls:
      m_Calls:
      - m_Target: {fileID: 0}
        m_TargetAssemblyTypeName: DistributionOfAtom, Assembly-CSharp
        m_MethodName: EnergyLevelLimit
        m_Mode: 3
        m_Arguments:
          m_ObjectArgument: {fileID: 0}
          m_ObjectArgumentAssemblyTypeName: UnityEngine.Object, UnityEngine
          m_IntArgument: 0
          m_FloatArgument: 0
          m_StringArgument: 
          m_BoolArgument: 0
        m_CallState: 2
      - m_Target: {fileID: 7893045797515999427}
        m_TargetAssemblyTypeName: BNG.SnapZone, Assembly-CSharp
        m_MethodName: RemoveHeldItem
        m_Mode: 1
        m_Arguments:
          m_ObjectArgument: {fileID: 0}
          m_ObjectArgumentAssemblyTypeName: UnityEngine.Object, UnityEngine
          m_IntArgument: 0
          m_FloatArgument: 0
          m_StringArgument: 
          m_BoolArgument: 0
        m_CallState: 2
  highlight: 0
  OnDetachEvent:
    m_PersistentCalls:
      m_Calls: []
  ClosestGrabbable: {fileID: 0}
  multibleSanpZone: 0
  sanpZoneOffsets: []
--- !u!114 &7893045797515999428
MonoBehaviour:
  m_ObjectHideFlags: 0
  m_CorrespondingSourceObject: {fileID: 0}
  m_PrefabInstance: {fileID: 0}
  m_PrefabAsset: {fileID: 0}
  m_GameObject: {fileID: 7893045797515999434}
  m_Enabled: 1
  m_EditorHideFlags: 0
  m_Script: {fileID: 11500000, guid: 5cdea428d48e2bb488d33d5f75c39bb9, type: 3}
  m_Name: 
  m_EditorClassIdentifier: 
  BeingHeld: 0
  GrabButton: 2
  Grabtype: 2
  GrabPhysics: 4
  GrabMechanic: 1
  GrabSpeed: 15
  RemoteGrabbable: 0
  RemoteGrabMechanic: 0
  RemoteGrabDistance: 2
  ThrowForceMultiplier: 2
  ThrowForceMultiplierAngular: 1.5
  BreakDistance: 0
  HideHandGraphics: 0
  ParentToHands: 0
  ParentHandModel: 1
  SnapHandModel: 1
  CanBeDropped: 1
  CanBeSnappedToSnapZone: 1
  ForceDisableKinematicOnDrop: 0
  InstantMovement: 0
  MakeChildCollidersGrabbable: 0
  handPoseType: 1
  SelectedHandPose: {fileID: 0}
  CustomHandPose: 0
  SecondaryGrabBehavior: 0
  TwoHandedPosition: 0
  TwoHandedPostionLerpAmount: 0.5
  TwoHandedRotation: 1
  TwoHandedRotationLerpAmount: 0.5
  TwoHandedDropBehavior: 0
  TwoHandedLookVector: 0
  SecondHandLookSpeed: 40
  SecondaryGrabbable: {fileID: 0}
  OtherGrabbableMustBeGrabbed: {fileID: 0}
  CollisionSpring: 3000
  CollisionSlerp: 500
  CollisionLinearMotionX: 2
  CollisionLinearMotionY: 2
  CollisionLinearMotionZ: 2
  CollisionAngularMotionX: 2
  CollisionAngularMotionY: 2
  CollisionAngularMotionZ: 2
  ApplyCorrectiveForce: 1
  MoveVelocityForce: 3000
  MoveAngularVelocityForce: 90
  LastGrabTime: 0
  LastDropTime: 0
  AddControllerVelocityOnDrop: 1
  collisions: []
  ActiveGrabPoint: {fileID: 0}
  SecondaryLookOffset: {x: 0, y: 0, z: 0}
  SecondaryLookAtTransform: {fileID: 0}
  LocalOffsetTransform: {fileID: 0}
  GrabPoints: []
  UseCustomInspector: 1
  lastFlickTime: 0
  FlickForce: 1
--- !u!114 &7893045797515999429
MonoBehaviour:
  m_ObjectHideFlags: 0
  m_CorrespondingSourceObject: {fileID: 0}
  m_PrefabInstance: {fileID: 0}
  m_PrefabAsset: {fileID: 0}
  m_GameObject: {fileID: 7893045797515999434}
  m_Enabled: 1
  m_EditorHideFlags: 0
  m_Script: {fileID: 11500000, guid: 5d5be54ff720e43488e1738e2db6b6fc, type: 3}
  m_Name: 
  m_EditorClassIdentifier: 
  OnGrabEvent:
    m_PersistentCalls:
      m_Calls:
      - m_Target: {fileID: 7893045797515999427}
        m_TargetAssemblyTypeName: BNG.SnapZone, Assembly-CSharp
        m_MethodName: GrabEquipped
        m_Mode: 0
        m_Arguments:
          m_ObjectArgument: {fileID: 0}
          m_ObjectArgumentAssemblyTypeName: UnityEngine.Object, UnityEngine
          m_IntArgument: 0
          m_FloatArgument: 0
          m_StringArgument: 
          m_BoolArgument: 0
        m_CallState: 2
--- !u!114 &7893045797515999430
MonoBehaviour:
  m_ObjectHideFlags: 0
  m_CorrespondingSourceObject: {fileID: 0}
  m_PrefabInstance: {fileID: 0}
  m_PrefabAsset: {fileID: 0}
  m_GameObject: {fileID: 7893045797515999434}
  m_Enabled: 1
  m_EditorHideFlags: 0
  m_Script: {fileID: 11500000, guid: 2d4b3aeee51a5bd48bf569efd03b09ac, type: 3}
  m_Name: 
  m_EditorClassIdentifier: 
  ClosestGrabbable: {fileID: 0}
  ClosestRemoteGrabbable: {fileID: 0}
  FireGrabbableEvents: 0
--- !u!1 &7893045797681489611
GameObject:
  m_ObjectHideFlags: 0
  m_CorrespondingSourceObject: {fileID: 0}
  m_PrefabInstance: {fileID: 0}
  m_PrefabAsset: {fileID: 0}
  serializedVersion: 6
  m_Component:
  - component: {fileID: 7893045797681489610}
  - component: {fileID: 7893045797681489609}
  m_Layer: 0
  m_Name: SnapZoneTwo_2
  m_TagString: Untagged
  m_Icon: {fileID: 0}
  m_NavMeshLayer: 0
  m_StaticEditorFlags: 0
  m_IsActive: 1
--- !u!4 &7893045797681489610
Transform:
  m_ObjectHideFlags: 0
  m_CorrespondingSourceObject: {fileID: 0}
  m_PrefabInstance: {fileID: 0}
  m_PrefabAsset: {fileID: 0}
  m_GameObject: {fileID: 7893045797681489611}
  m_LocalRotation: {x: -0, y: -0, z: -0, w: 1}
  m_LocalPosition: {x: 0.069599934, y: 0, z: 0.5406}
  m_LocalScale: {x: 0.39999998, y: 0.39999998, z: 0.39999998}
  m_ConstrainProportionsScale: 0
  m_Children: []
  m_Father: {fileID: 7893045796576968198}
  m_RootOrder: 3
  m_LocalEulerAnglesHint: {x: 0, y: 0, z: 0}
--- !u!114 &7893045797681489609
MonoBehaviour:
  m_ObjectHideFlags: 0
  m_CorrespondingSourceObject: {fileID: 0}
  m_PrefabInstance: {fileID: 0}
  m_PrefabAsset: {fileID: 0}
  m_GameObject: {fileID: 7893045797681489611}
  m_Enabled: 1
  m_EditorHideFlags: 0
  m_Script: {fileID: 11500000, guid: 804203cdc71657347bc071dfeba41047, type: 3}
  m_Name: 
  m_EditorClassIdentifier: 
  LocalPositionOffset: {x: 0.116, y: 0, z: 0.901}
  LocalRotationOffset: {x: 0, y: 0, z: 0}
--- !u!1 &7893045797687849824
GameObject:
  m_ObjectHideFlags: 0
  m_CorrespondingSourceObject: {fileID: 0}
  m_PrefabInstance: {fileID: 0}
  m_PrefabAsset: {fileID: 0}
  serializedVersion: 6
  m_Component:
  - component: {fileID: 7893045797687849759}
  - component: {fileID: 7893045797687849757}
  - component: {fileID: 7893045797687849758}
  m_Layer: 0
  m_Name: Nitron
  m_TagString: Untagged
  m_Icon: {fileID: 0}
  m_NavMeshLayer: 0
  m_StaticEditorFlags: 0
  m_IsActive: 1
--- !u!4 &7893045797687849759
Transform:
  m_ObjectHideFlags: 0
  m_CorrespondingSourceObject: {fileID: 0}
  m_PrefabInstance: {fileID: 0}
  m_PrefabAsset: {fileID: 0}
  m_GameObject: {fileID: 7893045797687849824}
  m_LocalRotation: {x: -0, y: -0.43725917, z: -0, w: -0.8993356}
  m_LocalPosition: {x: 4.8703847, y: -0.000080272555, z: -2.5144053}
  m_LocalScale: {x: 10, y: 10, z: 10}
  m_ConstrainProportionsScale: 1
  m_Children: []
  m_Father: {fileID: 7893045796215740494}
  m_RootOrder: 0
  m_LocalEulerAnglesHint: {x: 0, y: -308.142, z: 0}
--- !u!33 &7893045797687849757
MeshFilter:
  m_ObjectHideFlags: 0
  m_CorrespondingSourceObject: {fileID: 0}
  m_PrefabInstance: {fileID: 0}
  m_PrefabAsset: {fileID: 0}
  m_GameObject: {fileID: 7893045797687849824}
  m_Mesh: {fileID: 6795511101183797460, guid: c943b5f70d2d83b4184b5070696bd053, type: 3}
--- !u!23 &7893045797687849758
MeshRenderer:
  m_ObjectHideFlags: 0
  m_CorrespondingSourceObject: {fileID: 0}
  m_PrefabInstance: {fileID: 0}
  m_PrefabAsset: {fileID: 0}
  m_GameObject: {fileID: 7893045797687849824}
  m_Enabled: 1
  m_CastShadows: 1
  m_ReceiveShadows: 1
  m_DynamicOccludee: 1
  m_StaticShadowCaster: 0
  m_MotionVectors: 1
  m_LightProbeUsage: 1
  m_ReflectionProbeUsage: 1
  m_RayTracingMode: 2
  m_RayTraceProcedural: 0
  m_RenderingLayerMask: 1
  m_RendererPriority: 0
  m_Materials:
  - {fileID: -2310514774154243031, guid: c943b5f70d2d83b4184b5070696bd053, type: 3}
  - {fileID: 2100000, guid: b8bf53b3d56eea44484e7bbe3fc21fc8, type: 2}
  - {fileID: 2100000, guid: fcb861bb27935974f99e6289a0f6a671, type: 2}
  m_StaticBatchInfo:
    firstSubMesh: 0
    subMeshCount: 0
  m_StaticBatchRoot: {fileID: 0}
  m_ProbeAnchor: {fileID: 0}
  m_LightProbeVolumeOverride: {fileID: 0}
  m_ScaleInLightmap: 1
  m_ReceiveGI: 1
  m_PreserveUVs: 0
  m_IgnoreNormalsForChartDetection: 0
  m_ImportantGI: 0
  m_StitchLightmapSeams: 1
  m_SelectedEditorRenderState: 3
  m_MinimumChartSize: 4
  m_AutoUVMaxDistance: 0.5
  m_AutoUVMaxAngle: 89
  m_LightmapParameters: {fileID: 0}
  m_SortingLayerID: 0
  m_SortingLayer: 0
  m_SortingOrder: 0
  m_AdditionalVertexStreams: {fileID: 0}
--- !u!1 &7893045797712677977
GameObject:
  m_ObjectHideFlags: 0
  m_CorrespondingSourceObject: {fileID: 0}
  m_PrefabInstance: {fileID: 0}
  m_PrefabAsset: {fileID: 0}
  serializedVersion: 6
  m_Component:
  - component: {fileID: 7893045797712677976}
  - component: {fileID: 7893045797712677974}
  - component: {fileID: 7893045797712677975}
  m_Layer: 0
  m_Name: Nitron
  m_TagString: Untagged
  m_Icon: {fileID: 0}
  m_NavMeshLayer: 0
  m_StaticEditorFlags: 0
  m_IsActive: 1
--- !u!4 &7893045797712677976
Transform:
  m_ObjectHideFlags: 0
  m_CorrespondingSourceObject: {fileID: 0}
  m_PrefabInstance: {fileID: 0}
  m_PrefabAsset: {fileID: 0}
  m_GameObject: {fileID: 7893045797712677977}
  m_LocalRotation: {x: -0, y: -0.6074007, z: -0, w: 0.7943956}
  m_LocalPosition: {x: -0.6810003, y: -0.00008027046, z: 0.18459985}
  m_LocalScale: {x: 1, y: 1, z: 1}
  m_ConstrainProportionsScale: 0
  m_Children: []
  m_Father: {fileID: 7893045797131581982}
  m_RootOrder: 0
  m_LocalEulerAnglesHint: {x: 0, y: 0, z: 0}
--- !u!33 &7893045797712677974
MeshFilter:
  m_ObjectHideFlags: 0
  m_CorrespondingSourceObject: {fileID: 0}
  m_PrefabInstance: {fileID: 0}
  m_PrefabAsset: {fileID: 0}
  m_GameObject: {fileID: 7893045797712677977}
  m_Mesh: {fileID: 6795511101183797460, guid: c943b5f70d2d83b4184b5070696bd053, type: 3}
--- !u!23 &7893045797712677975
MeshRenderer:
  m_ObjectHideFlags: 0
  m_CorrespondingSourceObject: {fileID: 0}
  m_PrefabInstance: {fileID: 0}
  m_PrefabAsset: {fileID: 0}
  m_GameObject: {fileID: 7893045797712677977}
  m_Enabled: 1
  m_CastShadows: 1
  m_ReceiveShadows: 1
  m_DynamicOccludee: 1
  m_StaticShadowCaster: 0
  m_MotionVectors: 1
  m_LightProbeUsage: 1
  m_ReflectionProbeUsage: 1
  m_RayTracingMode: 2
  m_RayTraceProcedural: 0
  m_RenderingLayerMask: 1
  m_RendererPriority: 0
  m_Materials:
  - {fileID: -2310514774154243031, guid: c943b5f70d2d83b4184b5070696bd053, type: 3}
  m_StaticBatchInfo:
    firstSubMesh: 0
    subMeshCount: 0
  m_StaticBatchRoot: {fileID: 0}
  m_ProbeAnchor: {fileID: 0}
  m_LightProbeVolumeOverride: {fileID: 0}
  m_ScaleInLightmap: 1
  m_ReceiveGI: 1
  m_PreserveUVs: 0
  m_IgnoreNormalsForChartDetection: 0
  m_ImportantGI: 0
  m_StitchLightmapSeams: 1
  m_SelectedEditorRenderState: 3
  m_MinimumChartSize: 4
  m_AutoUVMaxDistance: 0.5
  m_AutoUVMaxAngle: 89
  m_LightmapParameters: {fileID: 0}
  m_SortingLayerID: 0
  m_SortingLayer: 0
  m_SortingOrder: 0
  m_AdditionalVertexStreams: {fileID: 0}
--- !u!1 &8915620505108666365
GameObject:
  m_ObjectHideFlags: 0
  m_CorrespondingSourceObject: {fileID: 0}
  m_PrefabInstance: {fileID: 0}
  m_PrefabAsset: {fileID: 0}
  serializedVersion: 6
  m_Component:
  - component: {fileID: 5813946326869125284}
  - component: {fileID: 2434798192060687520}
  - component: {fileID: 8914806975329706994}
  - component: {fileID: 2434798192060687451}
  - component: {fileID: 2434798192060687452}
  - component: {fileID: 2434798192060687453}
  - component: {fileID: 2434798192060687454}
  - component: {fileID: 2434798192060687455}
  m_Layer: 0
  m_Name: Orbit_2
  m_TagString: Untagged
  m_Icon: {fileID: 0}
  m_NavMeshLayer: 0
  m_StaticEditorFlags: 0
  m_IsActive: 0
--- !u!4 &5813946326869125284
Transform:
  m_ObjectHideFlags: 0
  m_CorrespondingSourceObject: {fileID: 0}
  m_PrefabInstance: {fileID: 0}
  m_PrefabAsset: {fileID: 0}
  m_GameObject: {fileID: 8915620505108666365}
  m_LocalRotation: {x: -0, y: -0, z: -0, w: 1}
  m_LocalPosition: {x: 0, y: 0, z: 0}
  m_LocalScale: {x: 0.8, y: 0.8, z: 0.8}
  m_ConstrainProportionsScale: 1
  m_Children: []
  m_Father: {fileID: 7893045795877334377}
  m_RootOrder: 2
  m_LocalEulerAnglesHint: {x: 0, y: 0, z: 0}
--- !u!33 &2434798192060687520
MeshFilter:
  m_ObjectHideFlags: 0
  m_CorrespondingSourceObject: {fileID: 0}
  m_PrefabInstance: {fileID: 0}
  m_PrefabAsset: {fileID: 0}
  m_GameObject: {fileID: 8915620505108666365}
  m_Mesh: {fileID: -118424009166941876, guid: c943b5f70d2d83b4184b5070696bd053, type: 3}
--- !u!23 &8914806975329706994
MeshRenderer:
  m_ObjectHideFlags: 0
  m_CorrespondingSourceObject: {fileID: 0}
  m_PrefabInstance: {fileID: 0}
  m_PrefabAsset: {fileID: 0}
  m_GameObject: {fileID: 8915620505108666365}
  m_Enabled: 1
  m_CastShadows: 1
  m_ReceiveShadows: 1
  m_DynamicOccludee: 1
  m_StaticShadowCaster: 0
  m_MotionVectors: 1
  m_LightProbeUsage: 1
  m_ReflectionProbeUsage: 1
  m_RayTracingMode: 2
  m_RayTraceProcedural: 0
  m_RenderingLayerMask: 1
  m_RendererPriority: 0
  m_Materials:
  - {fileID: -749338713933554755, guid: c943b5f70d2d83b4184b5070696bd053, type: 3}
  m_StaticBatchInfo:
    firstSubMesh: 0
    subMeshCount: 0
  m_StaticBatchRoot: {fileID: 0}
  m_ProbeAnchor: {fileID: 0}
  m_LightProbeVolumeOverride: {fileID: 0}
  m_ScaleInLightmap: 1
  m_ReceiveGI: 1
  m_PreserveUVs: 0
  m_IgnoreNormalsForChartDetection: 0
  m_ImportantGI: 0
  m_StitchLightmapSeams: 1
  m_SelectedEditorRenderState: 3
  m_MinimumChartSize: 4
  m_AutoUVMaxDistance: 0.5
  m_AutoUVMaxAngle: 89
  m_LightmapParameters: {fileID: 0}
  m_SortingLayerID: 0
  m_SortingLayer: 0
  m_SortingOrder: 0
  m_AdditionalVertexStreams: {fileID: 0}
--- !u!135 &2434798192060687451
SphereCollider:
  m_ObjectHideFlags: 0
  m_CorrespondingSourceObject: {fileID: 0}
  m_PrefabInstance: {fileID: 0}
  m_PrefabAsset: {fileID: 0}
  m_GameObject: {fileID: 8915620505108666365}
  m_Material: {fileID: 0}
  m_IsTrigger: 1
  m_Enabled: 1
  serializedVersion: 2
  m_Radius: 0.92099196
  m_Center: {x: -0.0000009536743, y: 0, z: -0.0000009536743}
--- !u!114 &2434798192060687452
MonoBehaviour:
  m_ObjectHideFlags: 0
  m_CorrespondingSourceObject: {fileID: 0}
  m_PrefabInstance: {fileID: 0}
  m_PrefabAsset: {fileID: 0}
  m_GameObject: {fileID: 8915620505108666365}
  m_Enabled: 1
  m_EditorHideFlags: 0
  m_Script: {fileID: 11500000, guid: 55b646e2949ffb74c9ca8c512b4411df, type: 3}
  m_Name: 
  m_EditorClassIdentifier: 
  HeldItem: {fileID: 0}
  StartingItem: {fileID: 0}
  CanDropItem: 1
  CanSwapItem: 1
  CanRemoveItem: 1
  ScaleItem: 1
  DisableColliders: 1
  DuplicateItemOnGrab: 1
  MaxDropTime: 0.1
  LastSnapTime: 0
  OnlyAllowNames: []
  ExcludeTransformNames: []
  SoundOnSnap: {fileID: 0}
  SoundOnUnsnap: {fileID: 0}
  OnSnapEvent:
    m_PersistentCalls:
      m_Calls:
      - m_Target: {fileID: 0}
        m_TargetAssemblyTypeName: DistributionOfAtom, Assembly-CSharp
        m_MethodName: EnergyLevelLimit
        m_Mode: 3
        m_Arguments:
          m_ObjectArgument: {fileID: 0}
          m_ObjectArgumentAssemblyTypeName: UnityEngine.Object, UnityEngine
          m_IntArgument: 2
          m_FloatArgument: 0
          m_StringArgument: 
          m_BoolArgument: 0
        m_CallState: 2
      - m_Target: {fileID: 2434798192060687452}
        m_TargetAssemblyTypeName: BNG.SnapZone, Assembly-CSharp
        m_MethodName: RemoveHeldItem
        m_Mode: 1
        m_Arguments:
          m_ObjectArgument: {fileID: 0}
          m_ObjectArgumentAssemblyTypeName: UnityEngine.Object, UnityEngine
          m_IntArgument: 0
          m_FloatArgument: 0
          m_StringArgument: 
          m_BoolArgument: 0
        m_CallState: 2
      - m_Target: {fileID: 2434798192060687452}
        m_TargetAssemblyTypeName: BNG.SnapZone, Assembly-CSharp
        m_MethodName: SnapZoneIndex
        m_Mode: 1
        m_Arguments:
          m_ObjectArgument: {fileID: 0}
          m_ObjectArgumentAssemblyTypeName: UnityEngine.Object, UnityEngine
          m_IntArgument: 0
          m_FloatArgument: 0
          m_StringArgument: 
          m_BoolArgument: 0
        m_CallState: 2
  highlight: 0
  OnDetachEvent:
    m_PersistentCalls:
      m_Calls: []
  ClosestGrabbable: {fileID: 0}
  multibleSanpZone: 1
  sanpZoneOffsets:
  - {fileID: 7893045795758427211}
  - {fileID: 7893045796188891303}
  - {fileID: 7893045795871575437}
  - {fileID: 7893045797681489609}
  - {fileID: 7893045797301697545}
  - {fileID: 7893045797036057465}
  - {fileID: 7893045796983515810}
  - {fileID: 7893045796765650350}
--- !u!114 &2434798192060687453
MonoBehaviour:
  m_ObjectHideFlags: 0
  m_CorrespondingSourceObject: {fileID: 0}
  m_PrefabInstance: {fileID: 0}
  m_PrefabAsset: {fileID: 0}
  m_GameObject: {fileID: 8915620505108666365}
  m_Enabled: 1
  m_EditorHideFlags: 0
  m_Script: {fileID: 11500000, guid: 5cdea428d48e2bb488d33d5f75c39bb9, type: 3}
  m_Name: 
  m_EditorClassIdentifier: 
  BeingHeld: 0
  GrabButton: 2
  Grabtype: 2
  GrabPhysics: 4
  GrabMechanic: 1
  GrabSpeed: 15
  RemoteGrabbable: 0
  RemoteGrabMechanic: 0
  RemoteGrabDistance: 2
  ThrowForceMultiplier: 2
  ThrowForceMultiplierAngular: 1.5
  BreakDistance: 0
  HideHandGraphics: 0
  ParentToHands: 0
  ParentHandModel: 1
  SnapHandModel: 1
  CanBeDropped: 1
  CanBeSnappedToSnapZone: 1
  ForceDisableKinematicOnDrop: 0
  InstantMovement: 0
  MakeChildCollidersGrabbable: 0
  handPoseType: 1
  SelectedHandPose: {fileID: 0}
  CustomHandPose: 0
  SecondaryGrabBehavior: 0
  TwoHandedPosition: 0
  TwoHandedPostionLerpAmount: 0.5
  TwoHandedRotation: 1
  TwoHandedRotationLerpAmount: 0.5
  TwoHandedDropBehavior: 0
  TwoHandedLookVector: 0
  SecondHandLookSpeed: 40
  SecondaryGrabbable: {fileID: 0}
  OtherGrabbableMustBeGrabbed: {fileID: 0}
  CollisionSpring: 3000
  CollisionSlerp: 500
  CollisionLinearMotionX: 2
  CollisionLinearMotionY: 2
  CollisionLinearMotionZ: 2
  CollisionAngularMotionX: 2
  CollisionAngularMotionY: 2
  CollisionAngularMotionZ: 2
  ApplyCorrectiveForce: 1
  MoveVelocityForce: 3000
  MoveAngularVelocityForce: 90
  LastGrabTime: 0
  LastDropTime: 0
  AddControllerVelocityOnDrop: 1
  collisions: []
  ActiveGrabPoint: {fileID: 0}
  SecondaryLookOffset: {x: 0, y: 0, z: 0}
  SecondaryLookAtTransform: {fileID: 0}
  LocalOffsetTransform: {fileID: 0}
  GrabPoints: []
  UseCustomInspector: 1
  lastFlickTime: 0
  FlickForce: 1
--- !u!114 &2434798192060687454
MonoBehaviour:
  m_ObjectHideFlags: 0
  m_CorrespondingSourceObject: {fileID: 0}
  m_PrefabInstance: {fileID: 0}
  m_PrefabAsset: {fileID: 0}
  m_GameObject: {fileID: 8915620505108666365}
  m_Enabled: 1
  m_EditorHideFlags: 0
  m_Script: {fileID: 11500000, guid: 5d5be54ff720e43488e1738e2db6b6fc, type: 3}
  m_Name: 
  m_EditorClassIdentifier: 
  OnGrabEvent:
    m_PersistentCalls:
      m_Calls:
      - m_Target: {fileID: 2434798192060687452}
        m_TargetAssemblyTypeName: BNG.SnapZone, Assembly-CSharp
        m_MethodName: GrabEquipped
        m_Mode: 0
        m_Arguments:
          m_ObjectArgument: {fileID: 0}
          m_ObjectArgumentAssemblyTypeName: UnityEngine.Object, UnityEngine
          m_IntArgument: 0
          m_FloatArgument: 0
          m_StringArgument: 
          m_BoolArgument: 0
        m_CallState: 2
      - m_Target: {fileID: 2434798192060687452}
        m_TargetAssemblyTypeName: BNG.SnapZone, Assembly-CSharp
        m_MethodName: RemoveHeldItem
        m_Mode: 1
        m_Arguments:
          m_ObjectArgument: {fileID: 0}
          m_ObjectArgumentAssemblyTypeName: UnityEngine.Object, UnityEngine
          m_IntArgument: 0
          m_FloatArgument: 0
          m_StringArgument: 
          m_BoolArgument: 0
        m_CallState: 2
--- !u!114 &2434798192060687455
MonoBehaviour:
  m_ObjectHideFlags: 0
  m_CorrespondingSourceObject: {fileID: 0}
  m_PrefabInstance: {fileID: 0}
  m_PrefabAsset: {fileID: 0}
  m_GameObject: {fileID: 8915620505108666365}
  m_Enabled: 1
  m_EditorHideFlags: 0
  m_Script: {fileID: 11500000, guid: 2d4b3aeee51a5bd48bf569efd03b09ac, type: 3}
  m_Name: 
  m_EditorClassIdentifier: 
  ClosestGrabbable: {fileID: 0}
  ClosestRemoteGrabbable: {fileID: 0}
  FireGrabbableEvents: 0
--- !u!1001 &7451790257355563332
PrefabInstance:
  m_ObjectHideFlags: 0
  serializedVersion: 2
  m_Modification:
    m_TransformParent: {fileID: 7893045796161286114}
    m_Modifications:
    - target: {fileID: 784656116376371568, guid: f06dcfadc82f9ec4dab0374646de3cb0,
        type: 3}
      propertyPath: m_Name
      value: Electron
      objectReference: {fileID: 0}
    - target: {fileID: 784656116376371572, guid: f06dcfadc82f9ec4dab0374646de3cb0,
        type: 3}
      propertyPath: RemoteGrabbable
      value: 1
      objectReference: {fileID: 0}
    - target: {fileID: 784656116376371575, guid: f06dcfadc82f9ec4dab0374646de3cb0,
        type: 3}
      propertyPath: m_RootOrder
      value: 0
      objectReference: {fileID: 0}
    - target: {fileID: 784656116376371575, guid: f06dcfadc82f9ec4dab0374646de3cb0,
        type: 3}
      propertyPath: m_LocalPosition.x
      value: 0
      objectReference: {fileID: 0}
    - target: {fileID: 784656116376371575, guid: f06dcfadc82f9ec4dab0374646de3cb0,
        type: 3}
      propertyPath: m_LocalPosition.y
      value: 0
      objectReference: {fileID: 0}
    - target: {fileID: 784656116376371575, guid: f06dcfadc82f9ec4dab0374646de3cb0,
        type: 3}
      propertyPath: m_LocalPosition.z
      value: 0
      objectReference: {fileID: 0}
    - target: {fileID: 784656116376371575, guid: f06dcfadc82f9ec4dab0374646de3cb0,
        type: 3}
      propertyPath: m_LocalRotation.w
      value: 1
      objectReference: {fileID: 0}
    - target: {fileID: 784656116376371575, guid: f06dcfadc82f9ec4dab0374646de3cb0,
        type: 3}
      propertyPath: m_LocalRotation.x
      value: 0
      objectReference: {fileID: 0}
    - target: {fileID: 784656116376371575, guid: f06dcfadc82f9ec4dab0374646de3cb0,
        type: 3}
      propertyPath: m_LocalRotation.y
      value: 0
      objectReference: {fileID: 0}
    - target: {fileID: 784656116376371575, guid: f06dcfadc82f9ec4dab0374646de3cb0,
        type: 3}
      propertyPath: m_LocalRotation.z
      value: 0
      objectReference: {fileID: 0}
    - target: {fileID: 784656116376371575, guid: f06dcfadc82f9ec4dab0374646de3cb0,
        type: 3}
      propertyPath: m_LocalEulerAnglesHint.x
      value: 0
      objectReference: {fileID: 0}
    - target: {fileID: 784656116376371575, guid: f06dcfadc82f9ec4dab0374646de3cb0,
        type: 3}
      propertyPath: m_LocalEulerAnglesHint.y
      value: 0
      objectReference: {fileID: 0}
    - target: {fileID: 784656116376371575, guid: f06dcfadc82f9ec4dab0374646de3cb0,
        type: 3}
      propertyPath: m_LocalEulerAnglesHint.z
      value: 0
      objectReference: {fileID: 0}
    - target: {fileID: 995376774172648047, guid: f06dcfadc82f9ec4dab0374646de3cb0,
        type: 3}
      propertyPath: m_Materials.Array.data[0]
      value: 
      objectReference: {fileID: 2100000, guid: f49c71fa08837dc47b779c3a99357bab, type: 2}
    - target: {fileID: 1242761722288483953, guid: f06dcfadc82f9ec4dab0374646de3cb0,
        type: 3}
      propertyPath: m_LocalPosition.x
      value: 0.48073187
      objectReference: {fileID: 0}
    - target: {fileID: 1242761722288483953, guid: f06dcfadc82f9ec4dab0374646de3cb0,
        type: 3}
      propertyPath: m_LocalPosition.y
      value: -0.046591528
      objectReference: {fileID: 0}
    - target: {fileID: 1242761722288483953, guid: f06dcfadc82f9ec4dab0374646de3cb0,
        type: 3}
      propertyPath: m_LocalPosition.z
      value: -0.5153059
      objectReference: {fileID: 0}
    - target: {fileID: 1242761722288483953, guid: f06dcfadc82f9ec4dab0374646de3cb0,
        type: 3}
      propertyPath: m_LocalRotation.w
      value: -0.35999522
      objectReference: {fileID: 0}
    - target: {fileID: 1242761722288483953, guid: f06dcfadc82f9ec4dab0374646de3cb0,
        type: 3}
      propertyPath: m_LocalRotation.x
      value: 0.101892404
      objectReference: {fileID: 0}
    - target: {fileID: 1242761722288483953, guid: f06dcfadc82f9ec4dab0374646de3cb0,
        type: 3}
      propertyPath: m_LocalRotation.y
      value: -0.92430884
      objectReference: {fileID: 0}
    - target: {fileID: 1242761722288483953, guid: f06dcfadc82f9ec4dab0374646de3cb0,
        type: 3}
      propertyPath: m_LocalRotation.z
      value: 0.075330384
      objectReference: {fileID: 0}
    - target: {fileID: 1242761722288483953, guid: f06dcfadc82f9ec4dab0374646de3cb0,
        type: 3}
      propertyPath: m_LocalEulerAnglesHint.x
      value: 3.778
      objectReference: {fileID: 0}
    - target: {fileID: 1242761722288483953, guid: f06dcfadc82f9ec4dab0374646de3cb0,
        type: 3}
      propertyPath: m_LocalEulerAnglesHint.y
      value: 496.974
      objectReference: {fileID: 0}
    - target: {fileID: 1242761722288483953, guid: f06dcfadc82f9ec4dab0374646de3cb0,
        type: 3}
      propertyPath: m_LocalEulerAnglesHint.z
      value: -14.071
      objectReference: {fileID: 0}
    m_RemovedComponents: []
  m_SourcePrefab: {fileID: 100100000, guid: f06dcfadc82f9ec4dab0374646de3cb0, type: 3}
--- !u!4 &7893045797318991923 stripped
Transform:
  m_CorrespondingSourceObject: {fileID: 784656116376371575, guid: f06dcfadc82f9ec4dab0374646de3cb0,
    type: 3}
  m_PrefabInstance: {fileID: 7451790257355563332}
  m_PrefabAsset: {fileID: 0}
